<record><leader>00000cas a2200000 a 4500</leader><controlfield tag="001">12892837</controlfield><controlfield tag="008">851211d18341836mduwr ne      0    0eng c</controlfield><datafield ind1=" " ind2=" " tag="010"><subfield code="a">sn 85027020 </subfield></datafield><datafield ind1=" " ind2=" " tag="040"><subfield code="a">NPX</subfield><subfield code="b">eng</subfield><subfield code="c">NPX</subfield><subfield code="d">MFN</subfield><subfield code="d">CNW</subfield><subfield code="d">OCL</subfield><subfield code="d">NVF</subfield><subfield code="d">OCLCQ</subfield><subfield code="d">OCLCF</subfield><subfield code="d">OCLCO</subfield></datafield><datafield ind1="1" ind2=" " tag="029"><subfield code="a">AU@</subfield><subfield code="b">000020124910</subfield></datafield><datafield ind1=" " ind2=" " tag="042"><subfield code="a">pcc</subfield></datafield><datafield ind1=" " ind2=" " tag="043"><subfield code="a">n-us-md</subfield></datafield><datafield ind1="0" ind2=" " tag="130"><subfield code="a">Frederick citizen (Frederick, Md. : 1834)</subfield></datafield><datafield ind1="1" ind2="4" tag="245"><subfield code="a">The Frederick citizen.</subfield></datafield><datafield ind1=" " ind2=" " tag="260"><subfield code="a">Frederick, Md. :</subfield><subfield code="b">S. Livingston M'Keehan</subfield></datafield><datafield ind1=" " ind2=" " tag="300"><subfield code="a">v.</subfield></datafield><datafield ind1=" " ind2=" " tag="310"><subfield code="a">Weekly</subfield></datafield><datafield ind1="1" ind2=" " tag="362"><subfield code="a">Began in 1834; ceased in 1836.</subfield></datafield><datafield ind1=" " ind2=" " tag="588"><subfield code="a">Description based on: Vol. 14, no. 30 (Nov. 14, 1834).</subfield></datafield><datafield ind1=" " ind2="0" tag="651"><subfield code="a">Frederick (Md.)</subfield><subfield code="v">Newspapers.</subfield></datafield><datafield ind1=" " ind2="7" tag="655"><subfield code="a">Newspapers.</subfield><subfield code="2">fast</subfield><subfield code="0">(OCoLC)fst01423814</subfield></datafield><datafield ind1=" " ind2="7" tag="651"><subfield code="a">Maryland</subfield><subfield code="z">Frederick.</subfield><subfield code="2">fast</subfield><subfield code="0">(OCoLC)fst01206793</subfield></datafield><datafield ind1=" " ind2=" " tag="752"><subfield code="a">United States</subfield><subfield code="b">Maryland</subfield><subfield code="c">Frederick</subfield><subfield code="d">Frederick.</subfield></datafield><datafield ind1="0" ind2="0" tag="780"><subfield code="t">Citizen (Frederick, Md. : 1831)</subfield><subfield code="w">(DLC)sn 85054183</subfield></datafield><datafield ind1="0" ind2="0" tag="785"><subfield code="t">Republican citizen (Frederick, Md.)</subfield><subfield code="w">(DLC)sn 83016338</subfield></datafield></record>